@book{project2005guia,
  title={Guia de los Fundamentos de la Direccion de Proyectos},
  author={Project Management Institute},
  isbn={9781930699731},
  series={PMBOK Guide},
  url={https://books.google.es/books?id=aUA4AAAACAAJ},
  year={2005},
  publisher={Project Management Institute}
}

@book{guerin2015gestion,
  title={Gesti{\'o}n de proyectos inform{\'a}ticos: desarrollo, an{\'a}lisis y control},
  author={Gu{\'e}rin, B.A.},
  isbn={9782746096219},
  series={DataPro (Ediciones ENI)},
  url={https://books.google.es/books?id=fI6w8KXbmYMC},
  year={2015},
  publisher={ENI}
}

@article{yoffie2014mobileye,
  title={Mobileye: The future of driverless cars},
  author={Yoffie, David B},
  journal={Harvard Business School Case},
  pages={715--421},
  year={2014}
}

@online{teslaAutopilot,
  author = {Tesla},
  title = {Tesla Autopilot},
  year={2019},
  url = {https://www.tesla.com/es_ES/autopilot},
  urldate = {04-11-2019}
}

@online{CaddillacSupercruise,
  author = {Caddillac},
  title = {Caddillac SuperCruise},
  year={2019},
  url = {https://www.cadillac.com/world-of-cadillac/innovation/super-cruise},
  urldate = {04-11-2019}
}

@online{openpilot,
  author = {Comma.ai},
  title = {OpenPilot},
  year={2019},
  publisher = {GitHub},
  journal = {GitHub repository},
  url = {https://github.com/commaai/openpilot/},
  urldate = {04-11-2019}
}

@online{python,
  author = {Python Software Foundation},
  title = {Python},
  year={2019},
  url = {https://www.python.org},
  urldate = {04-11-2019}
}

@online{opencv,
  author = {OpenCV team},
  title = {OpenCV},
  year={2019},
  url = {https://opencv.org},
  urldate = {04-11-2019}
}

@online{coralUSB,
  author = {Google},
  title = {Coral USB Accelerator},
  year={2019},
  url = {https://coral.withgoogle.com/products/accelerator},
  urldate = {04-11-2019}
}

@online{tensorflow,
  author = {Google},
  title = {Tensorflow},
  year = {2019},
  url = {https://www.tensorflow.org},
  urldate = {04-11-2019}
}







@ARTICLE{guiatitlesec,
  author = {Javier Bezos},
  title = {The titlesec and titletoc Packages},
  journal = {TexEmplares},
  publisher = {Cervan{\TeX}},
  Volume = 8,
  Pages = "283--298",
  year = {2007},
  owner = {fernando},
  timestamp = {2008.08.08}
}

@BOOK{desousa,
  title = {Ortografía y ortotipografía del español actual},
  year = {2004},
  publisher = {Trea},
  author = {José Martínez de Sousa},
  owner = {fcaro},
  timestamp = {2008.08.13}
}


@MISC{informatica,
  title = {Escuela {T}\'ecnica {S}uperior de {I}ngenier{\'\i}a {I}nform\'atica},
  year = {2014},
  publisher = {ETSII},
  author = {Varios Autores},
  url = {http://www.informatica.us.es},
  Note = {fecha de consulta: 24 de Noviembre de 2014},
  owner = {fcaro},
  timestamp = {2008.08.13}
}

@comment{jabref-meta: selector_publisher:}

@comment{jabref-meta: selector_author:}

@comment{jabref-meta: selector_journal:}

@comment{jabref-meta: selector_keywords:}
